@book{kato2003regressive,
  title={Regressive taxation and the welfare state: path dependence and policy diffusion},
  author={Kato, Junko},
  year={2003},
  publisher={Cambridge University Press}
}

@article{guillaud2019fourlevers,
    title={Four Levers of Redistribution: The Impact of Tax and Transfer Systems on Inequality Reduction},
    author={Guillaud, Elvire and Olckers, Matthew and Zemmour, Michaël},
    year={2019},
    journal={Review of Income and Wealth}
}


@techreport{zemmour2017impact,
  title={L’impact redistributif des mod{\`e}les socio-fiscaux de la protection sociale: Analyse compar{\'e}e internationale},
  author={Zemmour, Micha{\"e}l and Guillaud, Elvire and others},
  year={2017}
}

@book{keynes2016general,
  title={General theory of employment, interest and money},
  author={Keynes, John Maynard},
  year={1936},
  publisher={Palgrave Macmillan}
}

@book{oecd2014consumption,
  title={Consumption Tax Trends 2014: Vat/gst and Excise Rates, Trends and Policy Issues},
  author={OECD},
  year={2014},
  publisher={OECD Publishing}
}

@book{euro2016taxation,
  title={Taxation Trends in the European Union},
  author={Eurostat},
  year={2016},
  publisher={Publications Office of the European Union}
}

@article{carey2000average,
  title={Average effective tax rates on capital, labour and consumption},
  author={Carey, David and Tchilinguirian, Harry},
  year={2000},
  journal={OECD Economics Department Working Papers},
  volume={258}
}

@article{andreasch2016micro,
  title={Micro-and macrodata: A comparison of the Household Finance and Consumption Survey with financial accounts in Austria},
  author={Andreasch, Michael and Lindner, Peter},
  journal={Journal of Official Statistics},
  volume={32},
  number={1},
  pages={1},
  year={2016},
  publisher={Statistics Sweden (SCB)}
}

@article{fesseau2013cross,
  title={A cross-country comparison of household income, consumption and wealth between micro sources and national accounts aggregates},
  author={Fesseau, Maryse and Wolff, Florence and Mattonetti, Maria Liviana},
  year={2013},
  publisher={OECD Publishing}
}

@book{friedman2016theory,
  title={A theory of the consumption function},
  author={Friedman, Milton},
  year={2016},
  publisher={Pickle Partners Publishing}
}

@techreport{o2004modelling,
  title={Modelling the redistributive impact of indirect taxes in Europe: an application of EUROMOD},
  author={O'donoghue, Cathal and Baldini, Massimo and Mantovani, Daniela},
  year={2004},
  institution={EUROMOD Working Paper}
}

@mastersthesis{dauvergne2012qui,
  title={Qui paye les taxes indirectes en France ?},
  author={Dauvergne, Roy},
  year={2012},
  school={Paris School of Economics}
}

@misc{productivity2015tax,
  title={Tax and transfer incidence in Australia},
  author={Productivity Commission and Productivity Commission and others},
  year={2015},
  publisher={Productivity Commission accessed}
}

@article{carbonnier2007pays,
  title={Who pays sales taxes? Evidence from French VAT reforms, 1987--1999},
  author={Carbonnier, Clement},
  journal={Journal of Public Economics},
  volume={91},
  number={5},
  pages={1219--1229},
  year={2007},
  publisher={Elsevier}
}

@techreport{figari2012gini,
  title={GINI DP 28: The impact of indirect taxes and imputed rent on inequality: A comparison with cash transfers and direct taxes in five EU countries},
  author={Figari, Francesco and Paulus, Alari and others},
  year={2012},
  institution={AIAS, Amsterdam Institute for Advanced Labour Studies}
}

@book{kato2003,
  title={Regressive taxation and the welfare state: path dependence and policy diffusion},
  author={Kato, Junko},
  year={2003},
  publisher={Cambridge University Press}
}

@techreport{zemmour2017,
  title={L’impact redistributif des mod{\`e}les socio-fiscaux de la protection sociale: Analyse compar{\'e}e internationale},
  author={Zemmour, Micha{\"e}l and Guillaud, Elvire and others},
  year={2017}
}

@book{keynes1936,
  title={General theory of employment, interest and money},
  author={Keynes, John Maynard},
  year={1936},
  publisher={Palgrave Macmillan}
}

@book{oecd2016consumptiontax,
  title={Consumption Tax Trends 2016: VAT/GST and Excise Rates, Trends and Policy Issues},
  author={OECD},
  year={2016},
  publisher={OECD Publishing}
}

@book{eurostat2016taxation,
  title={Taxation Trends in the European Union},
  author={Eurostat},
  year={2016},
  publisher={Publications Office of the EU}
}

@article{mendoza1994effective,
  title={Effective tax rates in macroeconomics: Cross-country estimates of tax rates on factor incomes and consumption},
  author={Mendoza, Enrique G and Razin, Assaf and Tesar, Linda L},
  journal={Journal of Monetary Economics},
  volume={34},
  number={3},
  pages={297--323},
  year={1994},
  publisher={Elsevier}
}

@techreport{carey2000,
  title={Average effective tax rates on capital, labour and consumption},
  author={Carey, David and Tchilinguirian, Harry},
  year={2000},
  institution={OECD Economics Department Working Papers No. 258},
  publisher={OECD Publishing}
}

@article{andreasch2016,
  title={Micro-and macrodata: A comparison of the Household Finance and Consumption Survey with financial accounts in Austria},
  author={Andreasch, Michael and Lindner, Peter},
  journal={Journal of Official Statistics},
  volume={32},
  number={1},
  pages={1},
  year={2016},
  publisher={Statistics Sweden (SCB)}
}

@article{fesseau2013,
  title={A cross-country comparison of household income, consumption and wealth between micro sources and national accounts aggregates},
  author={Fesseau, Maryse and Wolff, Florence and Mattonetti, Maria Liviana},
  year={2013},
  publisher={OECD Publishing}
}

@book{friedman2016,
  title={A theory of the consumption function},
  author={Friedman, Milton},
  year={2016},
  publisher={Pickle Partners Publishing}
}

@techreport{odonoghue2004,
  title={Modelling the redistributive impact of indirect taxes in Europe: an application of EUROMOD},
  author={O'donoghue, Cathal and Baldini, Massimo and Mantovani, Daniela},
  year={2004},
  institution={EUROMOD Working Paper No. EM7/01}
}

@article{dauvergne2012,
  title={Qui paye les taxes indirectes en France ?},
  author={Dauvergne, Roy},
  year={2012}
}

@misc{productivity2015,
  title={Tax and transfer incidence in Australia},
  author={Productivity Commission and Productivity Commission and others},
  year={2015},
  publisher={Productivity Commission accessed}
}

@article{carbonnier2007,
  title={Who pays sales taxes? Evidence from French VAT reforms, 1987--1999},
  author={Carbonnier, Clement},
  journal={Journal of Public Economics},
  volume={91},
  number={5},
  pages={1219--1229},
  year={2007},
  publisher={Elsevier}
}

@techreport{figari2012,
  title={The impact of indirect taxes and imputed rent on inequality: A comparison with cash transfers and direct taxes in five EU countries},
  author={Figari, Francesco and Paulus, Alari},
  year={2012},
  institution={AIAS, Amsterdam Institute for Advanced Labour Studies, GINI Discussion Paper 28}
}

@article{figari2015,
  title={The Distributional Effects of Taxes and Transfers Under Alternative Income Concepts: The Importance of Three “I” s},
  author={Figari, Francesco and Paulus, Alari},
  journal={Public Finance Review},
  volume={43},
  number={3},
  pages={347--372},
  year={2015},
  publisher={SAGE Publications Sage CA: Los Angeles, CA}
}

@article{garfinkel2006,
  title={A re-examination of welfare states and inequality in rich nations: How in-kind transfers and indirect taxes change the story},
  author={Garfinkel, Irwin and Rainwater, Lee and Smeeding, Timothy M},
  journal={Journal of Policy Analysis and Management},
  volume={25},
  number={4},
  pages={897--919},
  year={2006},
  publisher={Wiley Online Library}
}

@article{decoster2010,
  title={How regressive are indirect taxes? A microsimulation analysis for five European countries},
  author={Decoster, Andr{\'e} and Loughrey, Jason and O'Donoghue, Cathal and Verwerft, Dirk},
  journal={Journal of Policy analysis and Management},
  volume={29},
  number={2},
  pages={326--350},
  year={2010},
  publisher={Wiley Online Library}
}

@techreport{warren2008,
  title={A review of studies on the distributional impact of consumption taxes in OECD countries},
  author={Warren, Neil},
  year={2008},
  institution={OECD Social, Employment and Migration Working Papers No. 64},
  publisher={OECD Publishing}
}

@article{pestel2017,
  title={Shifting Taxes from Labor to Consumption: More Employment and more Inequality?},
  author={Pestel, Nico and Sommer, Eric},
  journal={Review of Income and Wealth},
  volume={63},
  number={3},
  pages={542--563},
  year={2017},
  publisher={Wiley Online Library}
}

@article{savage2017,
  title={Integrated Modelling of the Impact of Direct and Indirect Taxes Using Complementary Datasets},
  author={Savage, Michael},
  journal={The Economic and Social Review},
  volume={48},
  number={2},
  pages={171--205},
  year={2017}
}



@techreport{zemmour2017impact,
  title={L’impact redistributif des mod{\`e}les socio-fiscaux de la protection sociale: Analyse compar{\'e}e internationale},
  author={Zemmour, Micha{\"e}l and Guillaud, Elvire and others},
  year={2017}
}


@book{oecd2014consumption,
  title={Consumption Tax Trends 2014: Vat/gst and Excise Rates, Trends and Policy Issues},
  author={OECD},
  year={2014},
  publisher={OECD Publishing}
}



@article{andreasch2016micro,
  title={Micro-and macrodata: A comparison of the Household Finance and Consumption Survey with financial accounts in Austria},
  author={Andreasch, Michael and Lindner, Peter},
  journal={Journal of Official Statistics},
  volume={32},
  number={1},
  pages={1},
  year={2016},
  publisher={Statistics Sweden (SCB)}
}

@article{fesseau2013cross,
  title={A cross-country comparison of household income, consumption and wealth between micro sources and national accounts aggregates},
  author={Fesseau, Maryse and Wolff, Florence and Mattonetti, Maria Liviana},
  year={2013},
  publisher={OECD Publishing}
}

@book{friedman2016theory,
  title={A theory of the consumption function},
  author={Friedman, Milton},
  year={2016},
  publisher={Pickle Partners Publishing}
}

@techreport{o2004modelling,
  title={Modelling the redistributive impact of indirect taxes in Europe: an application of EUROMOD},
  author={O'donoghue, Cathal and Baldini, Massimo and Mantovani, Daniela},
  year={2004},
  institution={EUROMOD Working Paper}
}


@misc{productivity2015tax,
  title={Tax and transfer incidence in Australia},
  author={Productivity Commission and Productivity Commission and others},
  year={2015},
  publisher={Productivity Commission accessed}
}

@article{carbonnier2007pays,
  title={Who pays sales taxes? Evidence from French VAT reforms, 1987--1999},
  author={Carbonnier, Clement},
  journal={Journal of Public Economics},
  volume={91},
  number={5},
  pages={1219--1229},
  year={2007},
  publisher={Elsevier}
}

@techreport{figari2012gini,
  title={GINI DP 28: The impact of indirect taxes and imputed rent on inequality: A comparison with cash transfers and direct taxes in five EU countries},
  author={Figari, Francesco and Paulus, Alari and others},
  year={2012},
  institution={AIAS, Amsterdam Institute for Advanced Labour Studies}
}

@incollection{figari2015microsimulation,
  title={Microsimulation and policy analysis},
  author={Figari, Francesco and Paulus, Alari and Sutherland, Holly},
  booktitle={Handbook of income distribution},
  volume={2},
  pages={2141--2221},
  year={2015},
  publisher={Elsevier}
}


 @TECHREPORT{boutchenik2015,
  author = {Boutchenik, Béatrice},
  title = {Les effets redistributifs de la taxe sur la valeur ajoutée},
  institution = {Conseil des prélèvements obligatoires},
  year = {2015},
 
month = {April},
}

@article{kakwani1977measurement,
  title={Measurement of tax progressivity: an international comparison},
  author={Kakwani, Nanak C},
  journal={The Economic Journal},
  volume={87},
  number={345},
  pages={71--80},
  year={1977},
  publisher={JSTOR}
}